------------------------------Bücher------------------------------------------------------
@book{Krom,
  author    = {{S. Kromidas}},
  title     = {Validierung in der Analytik},
  year      = {2011},
  publisher = {Saarbrücken},
  address   = {{Wiley-VCH Verlag und Co. KGaA}}
}
@book{Ionench,
  author            = {{J. Weiß}},
  title             = {Ionenchromatographie},
  year              = {1991},
  publisher         = {Weinheim},
  address           = {VCH Verlagsgesellschaft mbH},
  date              = {date},
  opteditor         = {editor},
  opteditora        = {editora},
  opteditorb        = {editorb},
  opteditorc        = {editorc},
  opttranslator     = {translator},
  optannotator      = {annotator},
  optcommentator    = {commentator},
  optintroduction   = {introduction},
  optforeword       = {foreword},
  optafterword      = {afterword},
  optsubtitle       = {subtitle},
  opttitleaddon     = {titleaddon},
  optmaintitle      = {maintitle},
  optmainsubtitle   = {mainsubtitle},
  optmaintitleaddon = {maintitleaddon},
  optlanguage       = {language},
  optoriglanguage   = {origlanguage},
  optvolume         = {volume},
  optpart           = {part},
  optedition        = {2. Auflage},
  optvolumes        = {volumes},
  optseries         = {series},
  optnumber         = {number},
  optnote           = {note},
  optpublisher      = {publisher},
  optlocation       = {location},
  optisbn           = {isbn},
  optchapter        = {chapter},
  optpages          = {pages},
  optpagetotal      = {pagetotal},
  optaddendum       = {addendum},
  optpubstate       = {pubstate},
  optdoi            = {doi},
  opteprint         = {eprint},
  opteprintclass    = {eprintclass},
  opteprinttype     = {eprinttype},
  opturl            = {url},
  opturldate        = {urldate}
}
------------------------------Onlinequellen-----------------------------------------------
@online{FStandard,
  author      = {{Merck KGaA}},
  title       = {Analysenzertifikat Fluorid Standardlösung},
  url         = {$https://www.merckmillipore.com/DE/de/product/Fluoride-standard-solution,MDA_CHEM-119814$},
  lastchecked = {30.03.2020}
}
@online{BromatKonz,
  author      = {{DVGW e.V.}},
  title       = {Anlage 1 -  Mikrobiologische Parameter und Anlage 2 -  Chemische Parameter},
  url         = {https://www.dvgw.de/themen/wasser/trinkwasserverordnung /anlage-1-2/},
  lastchecked = {28.07.2020}
}
@online{BromatKonz2,
  author      = {{DVGW e.V.}},
  title       = {Anlage 5 - Spezifikationen für die Analyse der Parameter},
  url         = {https://www.dvgw.de/themen/wasser/trinkwasserverordnung /anlage-5/},
  lastchecked = {28.07.2020}
}
------------------------------Artikel-----------------------------------------------------
@article{Demografie,
  author = {Steffen Kröhnert and Margret Karsch},
  title  = {Sterblichkeit und Todesursachen},
  year   = {2011},
  month  = {Juli},
  date   = {2011-07}
}
----------Patente------------
@misk{Patent,
  author = {Kent Vilendrer},
  title  = {High frequency intravascular prosthesis fatigue tester},
  note   = {Patent: US5670708A},
  year   = {1996}
}
----------Datenblätter-------
@misc{TALuft,
  organization = {Bundesministerium für Umwelt, Naturschutz und Reaktorsicherheit},
  title        = {Erste Allgemeine Verwaltungsvorschrift zum Bundes-Immisionsschutzgesetz (Technische Anleitung zur Reinhaltung der Luft - TA Luft)},
  note         = {Datenblatt Stand: 24.07.2002},
  key          = {TALuft}
}
@misc{A51,
  note         = {Beuth Verlag GmbH, Berlin - 2017},
  title        = {Deutsche Einheitsverfahren zur Wasser-, Abwasser- und Schlammuntersuchung – Allgemeine Angaben (Gruppe A) – Teil 51: Kalibrierung von Analysenverfahren – Lineare Kalibrierfunktion},
  organization = {DIN 38402-51:2017-05},
  key          = {A51}
}
@misc{32645,
  note         = {Beuth Verlag GmbH, Berlin - 2008},
  title        = {Chemische Analytik – Nachweis-, Erfassungs- und Bestimmungsgrenze unter Wiederholbedingungen – Begriffe, Verfahren, Auswertung},
  organization = {DIN 32645:2008-11},
  key          = {32645}
}
@misc{D20,
  note         = {Beuth Verlag GmbH, Berlin - 2009},
  title        = {Wasserbeschaffenheit – Bestimmung von gelösten Anionen mittels Flüssigkeits-Ionenchromatographie – Teil 1: Bestimmung von Bromid, Chlorid, Fluorid, Nitrat, Nitrit, Phosphat und Sulfat (ISO 10304-1:2007); Deutsche Fassung EN ISO 10304-1:2009},
  organization = {DIN EN ISO 10304-1 (D20):2009-07},
  key          = {D20}
}
@misc{Anleitung,
  author  = {Fakultät Elektrotechnik},
  title   = {Versuch ET 01 – Grundstromkreis},
  year    = {2021},
  edition = {2},
  key     = {Anleitung}
}